
@inbook{boreskov_cg,
	author="Боресков, А.В.",
	title="Компьютерная графика : учебник и практикум для среднего профессионального образования / А. В. Боресков, Е. В. Шикин.",
	publisher="--- Москва: Издательство Юрайт",
	pagetotal="220",
	language="russian",
	year=2017
}

@inbook{rogers,
	author="Роджерс Д.",
	title="Алгоритмические основы машинной графики",
	publisher="--- Москва: Издательство Мир",
	pagetotal="512",
	language="russian",
	year=1989
}

@inbook{levedeb_gi_history,
	author="Лебедев А.",
	title="История развития алгоритмов глобального освещения",
	publisher="--- Компьютерная графика и мультимедиа, №9",
	language="russian",
	year=2011
}

@inbook{kalos_phd,
	author="Szirmay---Kalos, L",
	title="Photorealistic image synthesis using ray-bundles, PhD dissertation.",
	publisher="--- Department of Control Engineering and Information Technology Technical University of Budapest",
	language="english",
	year=2000
}

@inbook{gambetta_cg,
	author="Gambetta, Gabriel",
	title="Computer graphics from scratch : a programmer's introduction to 3D rendering / Gabriel Gambetta",
	publisher="--- San Francisco : No Starch Press",
	pagetotal="245",
	language="english",
	year=2021
}

@inbook{nikulin_optic_effects,
	author="Никулин, Е. А.",
	title="Компьютерное моделирование оптических эффектов",
	publisher="--- Труды НГТУ им. Р. Е. Алексеева",
	pages="77-87",
	language="russian",
	year=2011
}

@inbook{mezhenin_3d,
	author="Меженин, А.В.",
	title="Технологии разработки 3D-моделей. Учебное пособие.",
	publisher="--- СПб: Университет ИТМО",
	pagetotal="100",
	language="russian",
	year=2018
}

@inbook{jensen_gi,
	author="Jensen, H. A",
	title="Practical guide to global illumination using ray tracing and photon mapping.",
	publisher="--- ACM SIGGRAPH 1999 Course Notes",
	pagetotal="72",
	language="english",
	year=1999
}

@inbook{ilyin_modeling,
	author="Ильин, А.А.",
	title="Моделирование отражательных свойств материалов плоских объектов по фотоизображениям / А.А. Ильин, А.С. Лебедев, В.А. Синявский, А.В. Игнатенко",
	publisher="--- Proc. of Graphicon'2009",
	pages="198-202",
	language="russian",
	year=2009
}

@inbook{whitted_illum,
	author="Whitted, T.",
	title="An improved illumination model for shaded display",
	publisher="--- Communications of the ACM",
	pages="343-349",
	language="english",
	year=1980
}

@inbook{msu_optic,
	author="",
	title="Лекции по физике СУНЦ МГУ, Г. 14. Геометрическая оптика",
	publisher="--- СУНЦ МГУ",
	language="russian",
	year=2013
}



@misc{cpp,
	title="Документация по C++ [Электронный ресурс].",
	howpublished="--- Режим доступа: \url{https://learn.microsoft.com/ru-ru/cpp/?view=msvc-170/} (дата обращения: 22.12.2023)."
}

@misc{qtcreator,
	title="QtCreator Manual [Электронный ресурс].",
	howpublished="--- Режим доступа: \url{https://doc.qt.io/qtcreator/} (дата обращения: 22.12.2023)."
}

@misc{qt,
	title="Документация по Qt [Электронный ресурс].",
	howpublished="--- Режим доступа: \url{https://doc.qt.io/} (дата обращения: 22.12.2023)."
}

@misc{intel,
	title="Intel [Электронный ресурс].",
	howpublished="--- Режим доступа: \url{https://ark.intel.com/content/www/us/en/ark/products/191075/intel-core-i5-9300h-processor-8m-cache-up-to-4-10-ghz.html} (дата обращения: 22.12.2023)"
}

@misc{windows,
	title="Windows 10 Pro 22H2 [Электронный ресурс]",
	howpublished="--- Режим доступа: \url{https://learn.microsoft.com/ru-ru/windows/release-health/status-windows-10-22h2} (дата обращения: 22.12.2023)."
}
